@article{gallier,
	title = "What's so special about Kruskal's theorem and the ordinal Γo? A survey of some results in proof theory",
	journal = "Annals of Pure and Applied Logic",
	volume = "53",
	number = "3",
	pages = "199 - 260",
	year = "1991",
	issn = "0168-0072",
	doi = "https://doi.org/10.1016/0168-0072(91)90022-E",
	url = "http://www.sciencedirect.com/science/article/pii/016800729190022E"
}
@article{nash-williams_1965, title={On well-quasi-ordering infinite trees}, volume={61}, DOI={10.1017/S0305004100039062}, number={3}, journal={Mathematical Proceedings of the Cambridge Philosophical Society}, publisher={Cambridge University Press}, author={Nash-Williams, C. St. J. A.}, year={1965}, pages={697–720}}